
    <record>
        <leader>01767nam a22003614a 4500</leader>
        <controlfield tag="001">adeweyAsLC</controlfield>
        <controlfield tag="008">090721s2009    gw a     b    000 0 ger c</controlfield>
        <datafield tag="245" ind1=" " ind2=" ">
            <subfield code="a">says it's lc but it's dewey</subfield>
        </datafield>
        <datafield tag="999" ind1=" " ind2=" ">
            <subfield code="a">111.11 .A5</subfield>
            <subfield code="w">LC</subfield>
            <subfield code="c">1</subfield>
            <subfield code="i">111</subfield>
            <subfield code="l">STACKS</subfield>
            <subfield code="m">GREEN</subfield>
        </datafield>
    </record>