
    <record>
        <leader>01767nam a22003614a 4500</leader>
        <controlfield tag="001">abadDewey</controlfield>
        <controlfield tag="008">090721s2009    gw a     b    000 0 ger c</controlfield>
        <datafield tag="245" ind1=" " ind2=" ">
            <subfield code="a">invalid Dewey</subfield>
        </datafield>
        <datafield tag="999" ind1=" " ind2=" ">
            <subfield code="a">1234.5 .D6</subfield>
            <subfield code="w">DEWEY</subfield>
            <subfield code="c">1</subfield>
            <subfield code="i">333</subfield>
            <subfield code="l">STACKS</subfield>
            <subfield code="m">GREEN</subfield>
        </datafield>
    </record>