
    <record>
        <leader>00988nas a2200193z  4500</leader>
        <controlfield tag="001">ahomeLocInternet</controlfield>
        <controlfield tag="008">071214uuuuuuuuuxx uu |ss    u|    |||| d</controlfield>
        <datafield tag="245" ind1="1" ind2=" ">
            <subfield code="a">internet home loc</subfield>
        </datafield>
        <datafield tag="999" ind1=" " ind2=" ">
            <subfield code="a">INTERNET RESOURCE</subfield>
            <subfield code="w">ASIS</subfield>
            <subfield code="c">1</subfield>
            <subfield code="i">444</subfield>
            <subfield code="l">INTERNET</subfield>
            <subfield code="m">GREEN</subfield>
            <subfield code="t">SUL</subfield>
        </datafield>
    </record>