
    <record>
        <leader>01767nam a22003614a 4500</leader>
        <controlfield tag="001">aediremove</controlfield>
        <controlfield tag="008">090721s2009    gw a     b    000 0 ger c</controlfield>
        <datafield tag="245" ind1=" " ind2=" ">
            <subfield code="a">EDI-REMOVE type in one 999</subfield>
        </datafield>
        <datafield tag="999" ind1=" " ind2=" ">
            <subfield code="a">427331959</subfield>
            <subfield code="w">LC</subfield>
            <subfield code="c">1</subfield>
            <subfield code="i">777</subfield>
            <subfield code="l">EDI</subfield>
            <subfield code="m">SUL</subfield>
            <subfield code="t">EDI-REMOVE</subfield>
        </datafield>
        <datafield tag="999" ind1=" " ind2=" ">
            <subfield code="a">111.11 .A5</subfield>
            <subfield code="w">LC</subfield>
            <subfield code="c">1</subfield>
            <subfield code="i">111</subfield>
            <subfield code="l">STACKS</subfield>
            <subfield code="m">GREEN</subfield>
        </datafield>
    </record>
</collection>